@misc{CameraModels18830,
   author = {cs.toronto.edu},
   title = {Camera Models and Parameters},
   howpublished = {\url{http://ftp.cs.toronto.edu/pub/psala/VM/camera-parameters.pdf}}
}
@misc{MathWorks18830,
   author = {MathWorks},
   title = {What Is Camera Calibration},
   howpublished = {\url{https://www.mathworks.com/help/vision/ug/camera-calibration.html}}
}
@misc{wikiCameraresectioning18830,
   author = {Wikipedia},
   title = {Camera resectioning},
   howpublished = {\url{https://en.wikipedia.org/wiki/Camera_resectioning}}
}
@misc{wikiRotationmatrix18830,
   author = {Wikipedia},
   title = {Rotation matrix},
   howpublished = {\url{https://en.wikipedia.org/wiki/Rotation_matrix}}
}
@misc{Pinholecameramodel18830,
   author = {Wikipedia},
   title = {Pinhole camera model},
   howpublished = {\url{https://en.wikipedia.org/wiki/Pinhole_camera_model}}
}
@misc{CSDNJessicajiel18830,
   author = {Jessica\&jie CSDN},
   title = {相机标定原理介绍（一）},
   howpublished = {\url{https://www.cnblogs.com/Jessica-jie/p/6596450.html}}
}
@article{zhang2000flexible,
  title={A flexible new technique for camera calibration},
  author={Zhang, Zhengyou},
  journal={IEEE Transactions on pattern analysis and machine intelligence},
  volume={22},
  year={2000}
}
@misc{opencvCameraCalibrationl18830,
   author = {openCV},
   title = {Camera Calibration and 3D Reconstruction},
   howpublished = {\url{https://docs.opencv.org/2.4/modules/calib3d/doc/camera_calibration_and_3d_reconstruction.html}}
}
@misc{wikifundamentalMatrix180903,
   author = {Wikipedia},
   title = {基础矩阵},
   howpublished = {\url{https://zh.wikipedia.org/wiki/%E5%9F%BA%E7%A1%80%E7%9F%A9%E9%98%B5}}
}
@misc{stereoVersion180903,
   author = {小旭同学A0000 CSDN},
   title = {立体视觉},
   howpublished = {\url{https://blog.csdn.net/xiao4399/article/details/48037287}}
}
@misc{researchgate180903,
   author = {Johnny Chien},
   title = {Beginner’s Guide to Fundamental Matrix, Essential Matrix and Camera Motion Recovery},
   howpublished = {\url{https://www.researchgate.net/publication/303522230_qiantanjichujuzhenbenzhijuzhenyuxiangjiyidong_Beginner's_Guide_to_Fundamental_Matrix_Essential_Matrix_and_Camera_Motion_Recovery}}
}
